@misc{LgDoc,
author = {LG Electronics},
  title = {{WebOs Signage Developer}},
  howpublished = {\url{https://webossignage.developer.lge.com/}},
  note = {Accessed: 16-05-2022}
}
@misc{MdN,
author = {Mozilla Corporation},
  title = {{Resources for Developers}},
  howpublished = {\url{https://developer.mozilla.org/en-US/}},
  note = {Accessed: 21-05-2022}
}
@misc{jQDoc,
author = {OpenJS Foundation},
  title = {{jQuery API Documentation}},
  howpublished = {\url{https://api.jquery.com/}},
  note = {Accessed: 03-06-2022}
}